<?xml version="1.0" encoding="UTF-8"?><collection xmlns="http://www.loc.gov/MARC21/slim"><record><leader>00374nam--2200133-i-4500</leader><controlfield tag="001">000009629</controlfield><controlfield tag="002">20161230</controlfield><controlfield tag="005">20161230201028</controlfield><controlfield tag="008">060222s1000------------r-----000-0-eng-d</controlfield><datafield ind1=" " ind2=" " tag="080"><subfield code="a">5:536.75</subfield></datafield><datafield ind1=" " ind2=" " tag="100"><subfield code="a">Angrist, Stanley W.And Hepler, Loren G</subfield></datafield><datafield ind1=" " ind2=" " tag="245"><subfield code="a">Order and chaos. laws of energy and entropy</subfield></datafield><datafield ind1=" " ind2=" " tag="260"><subfield code="a">New York, Basic Books, Inc., 1967 Viii + 237 P</subfield></datafield><datafield ind1=" " ind2=" " tag="852"><subfield code="a">34140</subfield></datafield></record></collection>